@article{mao2003asymptotic,
  title={{Asymptotic Behaviour of the Stochastic Lotka--Volterra Model}},
  author={Mao, Xuerong and Sabanis, Sotirios and Renshaw, Eric},
  journal={Journal of Mathematical Analysis and Applications},
  volume={287},
  number={1},
  pages={141--156},
  year={2003},
  publisher={Elsevier}
}

@book{allen2010introduction,
  title={{An Introduction to Stochastic Processes with Applications to Biology}},
  author={Allen, Linda JS},
  year={2010},
  publisher={CRC Press}
}

@book{kao1997introduction,
  title={{An Introduction to Stochastic Processes}},
  author={Kao, Edward PC},
  year={1997},
  publisher={Cengage Learning}
}

@book{berger2012introduction,
  title={{An Introduction to Probability and Stochastic Processes}},
  author={Berger, Marc A},
  year={2012},
  publisher={Springer Science \& Business Media}
}

@book{bremaud1998markov,
    author={Pierre Br\'{e}maud},
    title={Markov Chains: Gibbs Fields, Monte Carlo Simulation, and Queues},
    year={1998},
    publisher={Springer},
}

@inproceedings{feller1949theory,
  title={On the theory of stochastic processes, with particular reference to applications},
  author={Feller, William and others},
  booktitle={Proceedings of the [First] Berkeley Symposium on Mathematical Statistics and Probability},
  year={1949},
  organization={The Regents of the University of California}
}

@unpublished{rudin2014offspring,
  title= {{Set Theory: An Offspring of Analysis}},
  author = {Walter B. Rudin},
  year = {April 6, 1990},
  note= {UW-Milwaukee Marden Lecture in Mathematics}
}

@article{cramer1976century,
  title={{Half a Century with Probability Theory: Some Personal Recollections}},
  author={Cram{\'e}r, Harald},
  journal={The Annals of Probability},
  volume={4},
  number={4},
  pages={509--546},
  year={1976}
}
